@article{denBoon21,
	author = "Tom {den Boon}",
	title = "Exploring the effectiveness of search engines for finding architectural knowledge in open source repositories",
	journal = "University of Groningen Faculty of Science and Engineering Student Theses",
	year = "2021",
}


